@article{canny:paper,
author = {John Francis Canny},
title = {A Computational Approach To Edge Detection},
year = 1986,
journal = {IEEE Transactions on Pattern Analysis and Machine Intelligence},
}

@article{canny:imp,
author = {Sofiane Sahir},
title = {Canny Edge Detection Step by Step in Python â€” Computer Vision},
year = 2019,
journal = {Towards Data Science},
url = {https://towardsdatascience.com/canny-edge-detection-step-by-step-in-python-computer-vision-b49c3a2d8123},
}

@misc{canny:imp2,
author = {unknown OpenCV developer},
title = {Canny Edge Detector},
year = 2019,
url = {https://docs.opencv.org/2.4/doc/tutorials/imgproc/imgtrans/canny_detector/canny_detector.html},
}

@misc{dog,
author = {Kenneth R. Spring John C. Russ and Matthew Parry-Hill and Thomas J. Fellers and Michael W. Davidson},
title= {Difference of Gaussians Edge Enhancement Algorithm},
url = {https://www.olympus-lifescience.com/de/microscope-resource/primer/java/digitalimaging/processing/diffgaussians/},
}

